<record><leader>00000cas a22000007a 4500</leader><controlfield tag="001">11633904</controlfield><controlfield tag="008">850129d18731919vauwr ne      0    0eng d</controlfield><datafield ind1=" " ind2=" " tag="010"><subfield code="a">sn 85025300 </subfield></datafield><datafield ind1=" " ind2=" " tag="040"><subfield code="a">NPX</subfield><subfield code="b">eng</subfield><subfield code="c">NPX</subfield><subfield code="d">DLC</subfield><subfield code="d">MGN</subfield><subfield code="d">NVK</subfield><subfield code="d">OCLCQ</subfield><subfield code="d">OCLCF</subfield><subfield code="d">OCLCO</subfield></datafield><datafield ind1="1" ind2=" " tag="029"><subfield code="a">AU@</subfield><subfield code="b">000020660434</subfield></datafield><datafield ind1=" " ind2=" " tag="042"><subfield code="a">msc</subfield></datafield><datafield ind1="0" ind2=" " tag="130"><subfield code="a">Charlotte gazette (Charlotte Court House, Va.)</subfield></datafield><datafield ind1="0" ind2="4" tag="245"><subfield code="a">The Charlotte gazette.</subfield></datafield><datafield ind1=" " ind2=" " tag="260"><subfield code="a">Charlotte Court House, Va. :</subfield><subfield code="b">Paris, Shepperson &amp; Cox</subfield></datafield><datafield ind1=" " ind2=" " tag="300"><subfield code="a">v. ;</subfield><subfield code="c">57 cm.</subfield></datafield><datafield ind1=" " ind2=" " tag="310"><subfield code="a">Weekly</subfield></datafield><datafield ind1="0" ind2=" " tag="362"><subfield code="a">Vol. 1, no. 1 (May 8, 1873)-</subfield></datafield><datafield ind1="1" ind2=" " tag="362"><subfield code="a">Ceased in 1919.</subfield><subfield code="z">Cf. Cappon, L.J. Va. Newspapers.</subfield></datafield><datafield ind1=" " ind2=" " tag="500"><subfield code="a">Editor: Leonard Cox, &lt;1873&gt;.</subfield></datafield><datafield ind1=" " ind2="0" tag="651"><subfield code="a">Charlotte Court House (Va.)</subfield><subfield code="v">Newspapers.</subfield></datafield><datafield ind1=" " ind2="7" tag="655"><subfield code="a">Newspapers.</subfield><subfield code="2">fast</subfield><subfield code="0">(OCoLC)fst01423814</subfield></datafield><datafield ind1=" " ind2="7" tag="651"><subfield code="a">Virginia</subfield><subfield code="z">Charlotte Court House.</subfield><subfield code="2">fast</subfield><subfield code="0">(OCoLC)fst01247039</subfield></datafield><datafield ind1=" " ind2=" " tag="752"><subfield code="a">United States</subfield><subfield code="b">Virginia</subfield><subfield code="c">Charlotte</subfield><subfield code="d">Charlotte Court House.</subfield></datafield><datafield ind1="0" ind2="0" tag="785"><subfield code="t">Charlotte gazette (Drakes Branch, Va.)</subfield><subfield code="w">(DLC)sn 95079009</subfield></datafield></record>